% Optional fields: month, year
@UNPUBLISHED{wiki,
    author = {{Bjoern Hartmann and Ben Zhang}},
    title = {{CS294-84 / ME C290U: Interactive Device Design}},
    note = {\url{http://husk.eecs.berkeley.edu/}}
}

% Optional fields: month, year
@UNPUBLISHED{wifi,
    author = {Ben Zhang},
    title = {{CC3000 Demo}},
    note = {\url{http://developer.mbed.org/users/nebgnahz/code/CC3000_demo/}}
}
